@misc{ooniAbout,
	author = {OONI},
	title = {{A}bout --- ooni.org},
	howpublished = {\url{https://ooni.org/about/}},
	year = {},
	note = {[Accessed 25-01-2025]},
}

article{Privacy2017,
	author = {Eric Jardine},
	title = {{P}rivacy, censorship, data breaches and {I}nternet freedom: {T}he drivers of support and opposition to {D}ark {W}eb technologies},
	howpublished = {\url{https://journals.sagepub.com/doi/full/10.1177/1461444817733134}},
	year = {2017},
	note = {[Accessed 29-01-2025]},
}

@article{Privacy2017,
  author  = {Eric Jardine},
  title   = {{P}rivacy, censorship, data breaches and {I}nternet freedom: {T}he drivers of support and opposition to {D}ark {W}eb technologies},
  journal = {Newspaper or Magazine Name},
  year    = {2017},
  month   = {October},
  day     = {4},
  url     = {https://journals.sagepub.com/doi/full/10.1177/1461444817733134},
  note = {[Accessed 29-01-2025]}
}


@article{baruh2017online,
  title={Online privacy concerns and privacy management: A meta-analytical review},
  author={Baruh, Lemi and Secinti, Ekin and Cemalcilar, Zeynep},
  journal={Journal of Communication},
  volume={67},
  number={1},
  pages={26--53},
  year={2017},
  publisher={Oxford University Press}
}

@article{schwartz1999internet,
  title={Internet privacy and the state},
  author={Schwartz, Paul M},
  journal={Conn. L. Rev.},
  volume={32},
  pages={815},
  year={1999},
  publisher={HeinOnline}
}

@misc{pbsZuckerbergSays,
	author = {},
	title = {{Z}uckerberg says the {W}hite {H}ouse pressured {F}acebook to 'censor' some {C}{O}{V}{I}{D}-19 content during the pandemic --- pbs.org},
	howpublished = {\url{https://www.pbs.org/newshour/politics/zuckerberg-says-the-white-house-pressured-facebook-to-censor-some-covid-19-content-during-the-pandemic}},
	year = {},
	note = {[Accessed 01-02-2025]},
}

@misc{stateTechnicalDifficulties,
	author = {},
	title = {{T}echnical {D}ifficulties --- 2009-2017.state.gov},
	howpublished = {\url{https://2009-2017.state.gov/j/drl/rls/hrrpt/2011humanrightsreport/index.htm?dlid=186364#wrapper}},
	year = {},
	note = {[Accessed 04-02-2025]},
}

@misc{irishtimesEircomBlock,
	author = {},
	title = {{E}ircom to block internet access to {P}irate {B}ay as other firms refuse --- irishtimes.com},
	howpublished = {\url{https://www.irishtimes.com/news/eircom-to-block-internet-access-to-pirate-bay-as-other-firms-refuse-1.722015}},
	year = {},
	note = {[Accessed 04-02-2025]},
}

@misc{hotlineAboutx2013,
	author = {},
	title = {{A}bout \&#x2013; {H}otline --- hotline.ie},
	howpublished = {\url{https://hotline.ie/about/}},
	year = {},
	note = {[Accessed 04-02-2025]},
}

@misc{DataRetentionInvalid2014,
	author = {Practical Law IP&IT},
	title = {{E}{C}{J} declares {D}ata {R}etention {D}irective invalid},
	howpublished = {\url{https://uk.practicallaw.thomsonreuters.com/5-564-2768?contextData=(sc.Default)&transitionType=Default&firstPage=true#:~:text=The%20ECJ%20has%20ruled%20that%20the%20Data%20Retention,%281%29%20of%20the%20EU%20Charter%20of%20Fundamental%20Rights.}},
	year = {},
	note = {[Accessed 04-02-2025]},
}

@misc{irishlegalDataRetention,
	author = {},
	title = {{D}ata retention law to be brought into effect --- irishlegal.com},
	howpublished = {\url{https://www.irishlegal.com/articles/data-retention-law-to-be-brought-into-effect}},
	year = {},
	note = {[Accessed 04-02-2025]},
}

@misc{siliconrepublicMovieIndustry,
	author = {John Kennedy},
	title = {{M}ovie industry victory as eight piracy sites blocked in {I}reland --- siliconrepublic.com},
	howpublished = {\url{https://www.siliconrepublic.com/enterprise/movie-piracy-ireland-legal-action-isps}},
	year = {},
	note = {[Accessed 04-02-2025]},
}

@misc{torprojectProjectPrivacy,
	author = {},
	title = {{T}he {T}or {P}roject | {P}rivacy \& {F}reedom {O}nline --- torproject.org},
	howpublished = {\url{https://www.torproject.org/about/history/}},
	year = {},
	note = {[Accessed 07-02-2025]},
}

@inproceedings{dingledine2004tor,
  title={Tor: The second-generation onion router.},
  author={Dingledine, Roger and Mathewson, Nick and Syverson, Paul F and others},
  booktitle={USENIX security symposium},
  volume={4},
  pages={303--320},
  year={2004}
}

@misc{torprojectCIRCUMVENTIONProject,
	author = {},
	title = {{C}{I}{R}{C}{U}{M}{V}{E}{N}{T}{I}{O}{N} | {T}or {P}roject | {T}or {B}rowser {M}anual --- torproject.github.io},
	howpublished = {\url{https://torproject.github.io/manual/circumvention/}},
	year = {},
	note = {[Accessed 07-02-2025]},
}

@misc{torprojectBRIDGESProject,
	author = {},
	title = {{B}{R}{I}{D}{G}{E}{S} | {T}or {P}roject | {T}or {B}rowser {M}anual --- torproject.github.io},
	howpublished = {\url{https://torproject.github.io/manual/bridges/}},
	year = {},
	note = {[Accessed 07-02-2025]},
}

@misc{USDoSIraq2023,
	author = {},
	title = {{T}echnical {D}ifficulties --- state.gov},
	howpublished = {\url{https://www.state.gov/wp-content/uploads/2024/03/528267_IRAQ-2023-HUMAN-RIGHTS-REPORT.pdf}},
	year = {},
	note = {[Accessed 08-02-2025]},
}

@misc{freedomhouseIraqFreedom,
	author = {},
	title = {{I}raq: {F}reedom on the {N}et 2024 {C}ountry {R}eport | {F}reedom {H}ouse --- freedomhouse.org},
	howpublished = {\url{https://freedomhouse.org/country/iraq/freedom-net/2024#footnote1_d8PVkoU73PsQqsV4AnRY-VMTJWntGAP2vv547rIRUA_vIch24iLQyPS}},
	year = {},
	note = {[Accessed 08-02-2025]},
}

@misc{standfordGreatFirewallOfChina,
	author = {},
	title = { \&#x{B}{B}; {T}he {G}reat {F}irewall of {C}hina: {B}ackground {T}orfox --- cs.stanford.edu},
	howpublished = {\url{https://cs.stanford.edu/people/eroberts/cs181/projects/2010-11/FreedomOfInformationChina/the-great-firewall-of-china-background/index.html}},
	year = {},
	note = {[Accessed 18-02-2025]},
}

@misc{ooniConnectivityTest,
	author = {},
	title = {{W}eb {C}onnectivity --- ooni.org},
	howpublished = {\url{https://ooni.org/nettest/web-connectivity/}},
	year = {},
	note = {[Accessed 02-03-2025]},
}

@misc{ooniPsiphonTest,
	author = {},
	title = {{P}siphon --- ooni.org},
	howpublished = {\url{https://ooni.org/nettest/psiphon/}},
	year = {},
	note = {[Accessed 02-03-2025]},
}

@misc{PsiphonTestGitHub,
	author = {},
	title = {spec/nettests/ts-015-psiphon.md at master · ooni/spec --- github.com},
	howpublished = {\url{https://github.com/ooni/spec/blob/master/nettests/ts-015-psiphon.md}},
	year = {},
	note = {[Accessed 02-03-2025]},
}

@misc{TorTestGitHub,
	author = {},
	title = {spec/nettests/ts-023-tor.md at master · ooni/spec --- github.com},
	howpublished = {\url{https://github.com/ooni/spec/blob/master/nettests/ts-023-tor.md}},
	year = {},
	note = {[Accessed 02-03-2025]},
}

@misc{leapLEAPEncryption,
	author = {},
	title = {{L}{E}{A}{P} {E}ncryption {A}ccess {P}roject --- leap.se},
	howpublished = {\url{https://leap.se/}},
	year = {},
	note = {[Accessed 02-03-2025]},
}

@misc{RiseUpVPNTest,
	author = {},
	title = {spec/nettests/ts-026-riseupvpn.md at master · ooni/spec --- github.com},
	howpublished = {\url{https://github.com/ooni/spec/blob/master/nettests/ts-026-riseupvpn.md}},
	year = {},
	note = {[Accessed 02-03-2025]},
}

@misc{TorTestABOUTOONI,
	author = {},
	title = {{T}or --- ooni.org},
	howpublished = {\url{https://ooni.org/nettest/tor/}},
	year = {},
	note = {[Accessed 02-03-2025]},
}

@misc{ooniWhatsAppTest,
	author = {},
	title = {{W}hats{A}pp test --- ooni.org},
	howpublished = {\url{https://ooni.org/nettest/whatsapp/}},
	year = {},
	note = {[Accessed 02-03-2025]},
}

@misc{WhatsAppTestGitHub,
	author = {},
	title = {spec/nettests/ts-018-whatsapp.md at master · ooni/spec --- github.com},
	howpublished = {\url{https://github.com/ooni/spec/blob/master/nettests/ts-018-whatsapp.md}},
	year = {},
	note = {[Accessed 02-03-2025]},
}

@misc{ooniFacebookMessenger,
	author = {},
	title = {{F}acebook {M}essenger test --- ooni.org},
	howpublished = {\url{https://ooni.org/nettest/facebook-messenger/}},
	year = {},
	note = {[Accessed 02-03-2025]},
}

@misc{FacebookTestGitHub,
	author = {},
	title = {spec/nettests/ts-019-facebook-messenger.md at master · ooni/spec --- github.com},
	howpublished = {\url{https://github.com/ooni/spec/blob/master/nettests/ts-019-facebook-messenger.md}},
	year = {},
	note = {[Accessed 02-03-2025]},
}

@misc{ooniTelegramTest,
	author = {},
	title = {{T}elegram test --- ooni.org},
	howpublished = {\url{https://ooni.org/nettest/telegram/}},
	year = {},
	note = {[Accessed 02-03-2025]},
}

@misc{TelegramTestGitHub,
	author = {},
	title = {spec/nettests/ts-020-telegram.md at master · ooni/spec --- github.com},
	howpublished = {\url{https://github.com/ooni/spec/blob/master/nettests/ts-020-telegram.md}},
	year = {},
	note = {[Accessed 02-03-2025]},
}

@misc{ooniSignalTest,
	author = {},
	title = {{S}ignal test --- ooni.org},
	howpublished = {\url{https://ooni.org/nettest/signal}},
	year = {},
	note = {[Accessed 02-03-2025]},
}

@misc{SignalTestGitHub,
	author = {},
	title = {spec/nettests/ts-029-signal.md at master · ooni/spec --- github.com},
	howpublished = {\url{https://github.com/ooni/spec/blob/master/nettests/ts-029-signal.md}},
	year = {},
	note = {[Accessed 02-03-2025]},
}

@misc{ooniHTTPHeader,
	author = {},
	title = {{H}{T}{T}{P} {H}eader {F}ield {M}anipulation --- ooni.org},
	howpublished = {\url{https://ooni.org/nettest/http-header-field-manipulation/}},
	year = {},
	note = {[Accessed 02-03-2025]},
}

@misc{ooniHTTPInvalid,
	author = {},
	title = {{H}{T}{T}{P} {I}nvalid {R}equest {L}ine --- ooni.org},
	howpublished = {\url{https://ooni.org/nettest/http-invalid-request-line/}},
	year = {},
	note = {[Accessed 02-03-2025]},
}

@misc{rfc9505,
	author = {Mallory Knodel},
	title = {{R}{F}{C} 9505: {A} {S}urvey of {W}orldwide {C}ensorship {T}echniques --- rfc-editor.org},
	howpublished = {\url{https://www.rfc-editor.org/rfc/rfc9505.html#name-technical-identification}},
	year = {},
	note = {[Accessed 04-03-2025]},
}

@misc{TomsGuideVPN,
	author = {},
	title = {{H}ow does a {V}{P}{N} work? --- tomsguide.com},
	howpublished = {\url{https://www.tomsguide.com/features/how-does-a-vpn-work}},
	year = {},
	note = {[Accessed 05-03-2025]},
}

@misc{rfc9505SNIBlocking,
	author = {Mallory Knodel},
	title = {{R}{F}{C} 9505: {A} {S}urvey of {W}orldwide {C}ensorship {T}echniques --- rfc-editor.org},
	howpublished = {\url{https://www.rfc-editor.org/rfc/rfc9505.html#name-transport-layer-security-tl}},
	year = {},
	note = {[Accessed 10-03-2025]},
}

@misc{IraqCMC,
	author = {},
	title = {{T}he {R}ole of {G}overnment in {T}elecommunication \&#x2013; {N}ational {I}nvestment {C}ommission --- investpromo.gov.iq},
	howpublished = {\url{https://investpromo.gov.iq/?page_id=1526}},
	year = {},
	note = {[Accessed 10-03-2025]},
}

@misc{ooniOONIPrivacyAndSecurity,
	author = {},
	title = {| {O}{O}{N}{I} --- ooni.org},
	howpublished = {\url{https://ooni.org/about/risks/}},
	year = {},
	note = {[Accessed 14-03-2025]},
}

@misc{GlobalCensorshipRef2,
	author = {},
	title = {{I}nformation on {R}{F}{C} 9505 \&#x{B}{B}; {R}{F}{C} {E}ditor --- rfc-editor.org},
	howpublished = {\url{https://www.rfc-editor.org/info/rfc9505}},
	year = {},
	note = {[Accessed 15-03-2025]},
}

@article{zittrain2017shifting,
  title={The shifting landscape of global internet censorship},
  author={Zittrain, Jonathan L and Faris, Robert and Noman, Helmi and Clark, Justin and Tilton, Casey and Morrison-Westphal, Ryan},
  journal={Berkman Klein Center Research Publication},
  number={2017-4},
  pages={17--38},
  year={2017}
}

@misc{inetenetBlackouts,
	author = {Zach Rosson, Felicia Anthonio, Carolyn Tackett, Méabh Maguire},
	title = {{L}ives on hold: internet shutdowns in 2024 - {A}ccess {N}ow --- accessnow.org},
	howpublished = {\url{https://www.accessnow.org/internet-shutdowns-2024/}},
	year = {},
	note = {[Accessed 15-03-2025]},
}

@misc{accessnowBlackoutReport2023,
	author = {},
	title = {{V}iolence \& internet shutdowns in 2023: the worst year on record - {A}ccess {N}ow --- accessnow.org},
	howpublished = {\url{https://www.accessnow.org/press-release/keepiton-internet-shutdowns-2023/#:~:text=By%20almost%20every%20measure%2C%202023,rights%20of%20millions%20of%20people.}},
	year = {},
	note = {[Accessed 15-03-2025]},
}

@misc{lightnodeLightNodeGlobal,
	author = {},
	title = {{L}ight{N}ode - {G}lobal {N}{V}{M}e {S}{S}{D} {V}{P}{S} {H}osting in {O}ver 40+ {L}ocations --- lightnode.com},
	howpublished = {\url{https://www.lightnode.com/}},
	year = {},
	note = {[Accessed 24-03-2025]},
}

@misc{OONISCLI,
	author = {},
	title = {},
	howpublished = {\url{\https://ooni.org/install/cli/ubuntu-debian/}},
	year = {},
	note = {[Accessed 24-03-2025]},
}

@misc{top50irishwebsites,
	author = {},
	title = {{T}op {W}ebsites {R}anking {I}n {I}reland {I}n {F}ebruary 2025 | {S}imilarweb --- similarweb.com},
	howpublished = {\url{https://www.similarweb.com/top-websites/ireland/}},
	year = {},
	note = {[Accessed 29-03-2025]},
}

@misc{top50IraqWebsites,
	author = {},
	title = {{M}ost {V}isited {W}ebsites in {I}raq 2025 | {O}pen .{T}rends --- semrush.com},
	howpublished = {\url{https://www.semrush.com/trending-websites/iq/all}},
	year = {},
	note = {[Accessed 29-03-2025]},
}

@misc{blocksiteMostBlocked,
	author = {Blocksite},
	title = {{T}he {M}ost {B}locked {W}ebsites of 2023 | {B}lock{S}ite --- blocksite.co},
	howpublished = {\url{https://blocksite.co/blog/digital-mindfulness/most-blocked-sites}},
	year = {},
	note = {[Accessed 29-03-2025]},
}

@misc{SNIUnencryptedCloudFlare,
	author = {},
	title = {{E}ncrypt it or lose it: how encrypted {S}{N}{I} works --- blog.cloudflare.com},
	howpublished = {\url{https://blog.cloudflare.com/encrypted-sni/}},
	year = {},
	note = {[Accessed 31-03-2025]},
}

@misc{GreatFirewallSNI,
	author = {},
	title = {{E}xposing and {C}ircumventing {C}hina's {C}ensorship of {E}{S}{N}{I} --- gfw.report},
	howpublished = {\url{https://gfw.report/blog/gfw_esni_blocking/en/}},
	year = {},
	note = {[Accessed 31-03-2025]},
}

@misc{TLSFingerprinting,
	author = {},
	title = {{T}he use of {T}{L}{S} in {C}ensorship {C}ircumvention - {N}{D}{S}{S} {S}ymposium --- ndss-symposium.org},
	howpublished = {\url{https://www.ndss-symposium.org/ndss-paper/the-use-of-tls-in-censorship-circumvention/}},
	year = {},
	note = {[Accessed 31-03-2025]},
}

@misc{citizenlabIraqPastCensorship,
	author = {},
	title = {{I}raq {I}nformation {C}ontrols {U}pdate: {A}nalyzing {I}nternet {F}iltering and {M}obile {A}pps --- citizenlab.ca},
	howpublished = {\url{https://citizenlab.ca/2014/07/iraq-information-controls-update-analyzing-internet-filtering-mobile-apps/}},
	year = {},
	note = {[Accessed 31-03-2025]},
}

@misc{CloudFlareIraqExamShutdown,
	author = {},
	title = {{E}xam-ining recent {I}nternet shutdowns in {S}yria, {I}raq, and {A}lgeria --- blog.cloudflare.com},
	howpublished = {\url{https://blog.cloudflare.com/en-us/syria-iraq-algeria-exam-internet-shutdown/}},
	year = {},
	note = {[Accessed 31-03-2025]},
}

@misc{smexGooglesDNSIraq,
	author = {Yasmina Zein},
	title = {{G}oogle’s {D}{N}{S} {B}an in {I}raq {R}estricts {I}nternet {F}reedom  - {S}{M}{E}{X} --- smex.org},
	howpublished = {\url{https://smex.org/googles-dns-ban-in-iraq-restricts-internet-freedom/}},
	year = {},
	note = {[Accessed 31-03-2025]},
}

@misc{PirateBayBlocked2009,
	author = {},
	title = {{E}ircom to block {P}irate {B}ay access --- irishexaminer.com},
	howpublished = {\url{https://www.irishexaminer.com/news/arid-30423241.html}},
	year = {},
	note = {[Accessed 01-04-2025]},
}

@misc{wikipediaPsiphonWikipedia,
	author = {},
	title = {{P}siphon - {W}ikipedia --- en.wikipedia.org},
	howpublished = {\url{https://en.wikipedia.org/wiki/Psiphon}},
	year = {},
	note = {[Accessed 01-04-2025]},
}

@misc{ooniUserGuideCLI,
	author = {},
	title = {{U}ser {G}uide: {O}{O}{N}{I} {P}robe {C}ommand {L}ine {I}nterface ({C}{L}{I}) --- ooni.org},
	howpublished = {\url{https://ooni.org/support/ooni-probe-cli/}},
	year = {},
	note = {[Accessed 02-04-2025]},
}

@online{citizensinformation2025,
  author    = {Citizens Information},
  title     = {How EU Law Works},
  year      = {2025},
  url       = {https://www.citizensinformation.ie/en/government-in-ireland/european-government/eu-law/how-eu-law-works/#4022f6},
  urldate   = {2025-03-28}
}

@online{europa2025,
  author    = {European Union},
  title     = {How EU Policy is Decided},
  year      = {2025},
  url       = {https://european-union.europa.eu/institutions-law-budget/law/how-eu-policy-decided_en},
  urldate   = {2025-03-28}
}

@online{gdprinfo2025,
  author    = {GDPR-Info},
  title     = {General Data Protection Regulation (GDPR)},
  year      = {2025},
  url       = {https://gdpr-info.eu/},
  urldate   = {2025-03-28}
}

@online{irishstatutebook2024,
  author    = {Irish Statute Book},
  title     = {Act 2 of 2024 (Enacted)},
  year      = {2024},
  url       = {https://www.irishstatutebook.ie/eli/2024/act/2/enacted/en/html},
  urldate   = {2025-03-28}
}

@online{enterprisegovie2025,
  author    = {Department of Enterprise, Trade and Employment},
  title     = {Digital Services Act},
  year      = {2025},
  url       = {https://enterprise.gov.ie/en/what-we-do/the-business-environment/digital-single-market/eu-digital-single-market-aspects/digital-services-act/},
  urldate   = {2025-03-28}
}

@misc{EUCopyright,
  author    = {Department of Enterprise, Trade and Employment},
  title     = {Summary of Articles of Directive (EU) 2019/790},
  year      = {2019},
  url       = {https://enterprise.gov.ie/en/consultations/consultations-files/summary-articles-of-directive-eu-2019-790.pdf},
  note      = {Accessed: 2025-03-28}
}

@online{google2014,
  author    = {Court of Justice of the European Union},
  title     = {Google Spain SL v. Agencia Española de Protección de Datos (2014)},
  year      = {2014},
  url       = {https://eur-lex.europa.eu/legal-content/EN/TXT/?uri=celex:62012CJ0131},
  urldate   = {2025-03-28}
}

@online{facebook2023,
  author    = {European Data Protection Board},
  title     = {€2.6 Billion Euro Fine for Facebook Due to GDPR Breach},
  year      = {2023},
  url       = {https://www.edpb.europa.eu/news/news/2023/12-billion-euro-fine-facebook-result-edpb-binding-decision_en},
  urldate   = {2025-03-28}
}

@online{twitter2023,
  author    = {European Commission},
  title     = {EU Digital Services Act: Twitter under Scrutiny},
  year      = {2023},
  url       = {https://ec.europa.eu/commission/presscorner/detail/en/ip_23_6709},
  urldate   = {2025-03-28}
}

@online{tiktok2023,
  author    = {European Data Protection Board},
  title     = {TikTok Ordered to Eliminate Unfair Design Practices Concerning Minors},
  year      = {2023},
  url       = {https://www.edpb.europa.eu/news/news/2023/following-edpb-decision-tiktok-ordered-eliminate-unfair-design-practices-concerning_en},
  urldate   = {2025-03-28}
}

@online{eu2019,
  author    = {European Union},
  title     = {Directive (EU) 2019/790 on Copyright in the Digital Single Market},
  year      = {2019},
  url       = {https://eur-lex.europa.eu/legal-content/EN/TXT/PDF/?uri=CELEX:32019L0790},
  urldate   = {2025-03-28}
}

@online{FBFines,
  author    = {Statista},
  title     = {Meta Fines from EU and DPC},
  year      = {2023},
  url       = {https://www.statista.com/statistics/1192794/meta-fines-from-eu-and-dpc/},
  urldate   = {2025-03-28}
}

@online{bhr2023,
  author    = {Business & Human Rights Resource Centre},
  title     = {EU: Twitter Could Face Legal Consequences if it Fails to Comply with EU Regulations},
  journal = {},
  year      = {2023},
  url       = {https://www.business-humanrights.org/en/latest-news/eu-twitter-could-face-legal-consequences-if-it-fails-to-comply-with-eu-regulations/},
  urldate   = {2025-03-28}
}

@misc{digitalsilkManyWebsites,
	author = {Matt},
	title = {{H}ow {M}any {W}ebsites {A}re {T}here? --- digitalsilk.com},
	howpublished = {\url{https://www.digitalsilk.com/digital-trends/how-many-websites-are-there/}},
	year = {},
	note = {[Accessed 05-04-2025]},
}