@misc{ooniAbout,
	author = {},
	title = {{A}bout --- ooni.org},
	howpublished = {\url{https://ooni.org/about/}},
	year = {},
	note = {[Accessed 25-01-2025]},
}

@misc{Privacy2017,
	author = {Eric Jardine},
	title = {{P}rivacy, censorship, data breaches and {I}nternet freedom: {T}he drivers of support and opposition to {D}ark {W}eb technologies},
	howpublished = {\url{https://journals.sagepub.com/doi/full/10.1177/1461444817733134}},
	year = {2017},
	note = {[Accessed 29-01-2025]},
}

@article{baruh2017online,
  title={Online privacy concerns and privacy management: A meta-analytical review},
  author={Baruh, Lemi and Secinti, Ekin and Cemalcilar, Zeynep},
  journal={Journal of Communication},
  volume={67},
  number={1},
  pages={26--53},
  year={2017},
  publisher={Oxford University Press}
}

@article{schwartz1999internet,
  title={Internet privacy and the state},
  author={Schwartz, Paul M},
  journal={Conn. L. Rev.},
  volume={32},
  pages={815},
  year={1999},
  publisher={HeinOnline}
}

@misc{pbsZuckerbergSays,
	author = {},
	title = {{Z}uckerberg says the {W}hite {H}ouse pressured {F}acebook to 'censor' some {C}{O}{V}{I}{D}-19 content during the pandemic --- pbs.org},
	howpublished = {\url{https://www.pbs.org/newshour/politics/zuckerberg-says-the-white-house-pressured-facebook-to-censor-some-covid-19-content-during-the-pandemic}},
	year = {},
	note = {[Accessed 01-02-2025]},
}

@misc{stateTechnicalDifficulties,
	author = {},
	title = {{T}echnical {D}ifficulties --- 2009-2017.state.gov},
	howpublished = {\url{https://2009-2017.state.gov/j/drl/rls/hrrpt/2011humanrightsreport/index.htm?dlid=186364#wrapper}},
	year = {},
	note = {[Accessed 04-02-2025]},
}

@misc{irishtimesEircomBlock,
	author = {},
	title = {{E}ircom to block internet access to {P}irate {B}ay as other firms refuse --- irishtimes.com},
	howpublished = {\url{https://www.irishtimes.com/news/eircom-to-block-internet-access-to-pirate-bay-as-other-firms-refuse-1.722015}},
	year = {},
	note = {[Accessed 04-02-2025]},
}

@misc{hotlineAboutx2013,
	author = {},
	title = {{A}bout \&#x2013; {H}otline --- hotline.ie},
	howpublished = {\url{https://hotline.ie/about/}},
	year = {},
	note = {[Accessed 04-02-2025]},
}

@misc{DataRetentionInvalid2014,
	author = {Practical Law IP&IT},
	title = {{E}{C}{J} declares {D}ata {R}etention {D}irective invalid},
	howpublished = {\url{https://uk.practicallaw.thomsonreuters.com/5-564-2768?contextData=(sc.Default)&transitionType=Default&firstPage=true#:~:text=The%20ECJ%20has%20ruled%20that%20the%20Data%20Retention,%281%29%20of%20the%20EU%20Charter%20of%20Fundamental%20Rights.}},
	year = {},
	note = {[Accessed 04-02-2025]},
}

@misc{irishlegalDataRetention,
	author = {},
	title = {{D}ata retention law to be brought into effect --- irishlegal.com},
	howpublished = {\url{https://www.irishlegal.com/articles/data-retention-law-to-be-brought-into-effect}},
	year = {},
	note = {[Accessed 04-02-2025]},
}

@misc{siliconrepublicMovieIndustry,
	author = {John Kennedy},
	title = {{M}ovie industry victory as eight piracy sites blocked in {I}reland --- siliconrepublic.com},
	howpublished = {\url{https://www.siliconrepublic.com/enterprise/movie-piracy-ireland-legal-action-isps}},
	year = {},
	note = {[Accessed 04-02-2025]},
}

@misc{torprojectProjectPrivacy,
	author = {},
	title = {{T}he {T}or {P}roject | {P}rivacy \& {F}reedom {O}nline --- torproject.org},
	howpublished = {\url{https://www.torproject.org/about/history/}},
	year = {},
	note = {[Accessed 07-02-2025]},
}

@inproceedings{dingledine2004tor,
  title={Tor: The second-generation onion router.},
  author={Dingledine, Roger and Mathewson, Nick and Syverson, Paul F and others},
  booktitle={USENIX security symposium},
  volume={4},
  pages={303--320},
  year={2004}
}

@misc{torprojectCIRCUMVENTIONProject,
	author = {},
	title = {{C}{I}{R}{C}{U}{M}{V}{E}{N}{T}{I}{O}{N} | {T}or {P}roject | {T}or {B}rowser {M}anual --- torproject.github.io},
	howpublished = {\url{https://torproject.github.io/manual/circumvention/}},
	year = {},
	note = {[Accessed 07-02-2025]},
}

@misc{torprojectBRIDGESProject,
	author = {},
	title = {{B}{R}{I}{D}{G}{E}{S} | {T}or {P}roject | {T}or {B}rowser {M}anual --- torproject.github.io},
	howpublished = {\url{https://torproject.github.io/manual/bridges/}},
	year = {},
	note = {[Accessed 07-02-2025]},
}

@misc{USDoSIraq2023,
	author = {},
	title = {{T}echnical {D}ifficulties --- state.gov},
	howpublished = {\url{https://www.state.gov/wp-content/uploads/2024/03/528267_IRAQ-2023-HUMAN-RIGHTS-REPORT.pdf}},
	year = {},
	note = {[Accessed 08-02-2025]},
}

@misc{freedomhouseIraqFreedom,
	author = {},
	title = {{I}raq: {F}reedom on the {N}et 2024 {C}ountry {R}eport | {F}reedom {H}ouse --- freedomhouse.org},
	howpublished = {\url{https://freedomhouse.org/country/iraq/freedom-net/2024#footnote1_d8PVkoU73PsQqsV4AnRY-VMTJWntGAP2vv547rIRUA_vIch24iLQyPS}},
	year = {},
	note = {[Accessed 08-02-2025]},
}





%	blindbox, DPI 1
@inproceedings{sherry2015blindbox,
  title={Blindbox: Deep packet inspection over encrypted traffic},
  author={Sherry, Justine and Lan, Chang and Popa, Raluca Ada and Ratnasamy, Sylvia},
  booktitle={Proceedings of the 2015 ACM conference on special interest group on data communication},
  pages={213--226},
  year={2015}
}

@article{parra2019implementation,
  title={Implementation of deep packet inspection in smart grids and industrial Internet of Things: Challenges and opportunities},
  author={Parra, Gonzalo De La Torre and Rad, Paul and Choo, Kim-Kwang Raymond},
  journal={Journal of Network and Computer Applications},
  volume={135},
  pages={32--46},
  year={2019},
  publisher={Elsevier}
}
@article{DPIMarketInfo,
title={Deep Packet Inspection (DPI) Market Size},
howpublished = {\url{https://www.businessresearchinsights.com/market-reports/deep-packet-inspection-dpi-market-111675}},
author={},
year={},
journal={Business Research Insights},
publisher={Business Research Insights}
}

@article{zittrain2017shifting,
  title={The shifting landscape of global internet censorship},
  author={Zittrain, Jonathan L and Faris, Robert and Noman, Helmi and Clark, Justin and Tilton, Casey and Morrison-Westphal, Ryan},
  journal={Berkman Klein Center Research Publication},
  number={2017-4},
  pages={17--38},
  year={2017}
}


@article{9152784,
    author={Niaki, Arian Akhavan and Cho, Shinyoung and Weinberg, Zachary and Hoang, Nguyen Phong and Razaghpanah, Abbas and Christin, Nicolas and Gill, Phillipa},
    booktitle={2020 IEEE Symposium on Security and Privacy (SP)}, 
    title={ICLab: A Global, Longitudinal Internet Censorship Measurement Platform}, 
    year={2020},
    journal={},
    volume={},
    number={},
    pages={135-151},
    keywords={Censorship;Servers;Virtual private networks;Internet;Monitoring;Browsers;IP networks},
    doi={10.1109/SP40000.2020.00014}}

@article{internet_monitor_israel,
    title={Israel Country Profile},
    author={{Internet Monitor}},
    journal={Berkman Klein Center Research Publication},
    number={2012-1},
    pages={1--5},
    year={2012},
    url={https://thenetmonitor.org/country-profiles/isr}
    }

@article{rsf_israel,
    title={Israel},
    author={{Reporters Without Borders}},
    journal={Reporters Without Borders Country Profile},
    year={2023},
    url={https://rsf.org/en/country/israel}
    }
@article{bischoff2025internet,
    title={Internet Censorship: A Map of Restrictions by Country},
    author={Bischoff, Paul},
    journal={Comparitech},
    year={2025},
    url={https://www.comparitech.com/blog/vpn-privacy/internet-censorship-map/}
}
@article{dingledine2004tor,
    author    = {Roger Dingledine and Nick Mathewson and Paul F. Syverson},
    title     = {Tor: The Second-Generation Onion Router},
    booktitle = {Proceedings of the 13th USENIX Security Symposium},
    year      = {2004},
    journal = {},
    pages     = {303--320},
    publisher = {USENIX Association}
}
@article{tor_not_secure,
  author    = {Paganini},
  title     = {Tor Responds to Deanonimisation},
  journal   = {Security Affairs},
  year      = {2024},
  url       = {https://securityaffairs.com/168667/security/tor-project-commented-on-deanonymizing-technique.html},
  note      = {Accessed: 2025-03-05}
}
@article{ritchie2025internet,
  author    = {Hannah Ritchie and Edouard Mathieu and Max Roser and Esteban Ortiz-Ospina},
  title     = {Internet},
  journal   = {Our World in Data},
  year      = {2025},
  url       = {https://ourworldindata.org/internet},
  note      = {Accessed: 2025-03-05}
}
@misc{digital_rights_ireland,
  author       = {{Digital Rights Ireland}},
  title        = {Digital Rights Ireland},
  howpublished = {\url{https://www.digitalrights.ie/}},
  note         = {Accessed: 2025-03-06}
}
@misc{standaert2005introduction,
  author    = {Fran√ßois-Xavier Standaert},
  title     = {Introduction to Side-Channel Attacks},
  booktitle = {Proceedings of the European Conference on Information Systems Security (Wissec)},
  year      = {2005},
  pages     = {27--41},
  publisher = {Springer},
  url       = {https://perso.uclouvain.be/fstandae/PUBLIS/42.pdf}
}
