@misc{ooniAbout,
	author = {},
	title = {{A}bout --- ooni.org},
	howpublished = {\url{https://ooni.org/about/}},
	year = {},
	note = {[Accessed 25-01-2025]},
}

@misc{Privacy2017,
	author = {Eric Jardine},
	title = {{P}rivacy, censorship, data breaches and {I}nternet freedom: {T}he drivers of support and opposition to {D}ark {W}eb technologies},
	howpublished = {\url{https://journals.sagepub.com/doi/full/10.1177/1461444817733134}},
	year = {2017},
	note = {[Accessed 29-01-2025]},
}

